
% == Literature Citations ==

@book{wong2022lit,
      title={Introduction to Classical and Quantum Computing},
      author={Wong, T.G.},
      isbn={9798985593105},
      url={https://books.google.co.uk/books?id=M3jqzgEACAAJ},
      year={2022},
      publisher={Rooted Grove},
      keywords={lit}
}

@misc{bhandari2024quantumevolutionaryalgorithmshelp,
      title={How quantum and evolutionary algorithms can help each other: two examples}, 
      author={Shailendra Bhandari and Stefano Nichele and Sergiy Denysov and Pedro G. Lind},
      year={2024},
      eprint={2408.00448},
      archivePrefix={arXiv},
      primaryClass={quant-ph},
      url={https://arxiv.org/abs/2408.00448},
      keywords={lit}
}

@article{Brown_2023,
      title={Optimal quantum control via genetic algorithms for quantum state engineering in driven-resonator mediated networks},
      volume={8},
      ISSN={2058-9565},
      url={http://dx.doi.org/10.1088/2058-9565/acb2f2},
      DOI={10.1088/2058-9565/acb2f2},
      number={2},
      journal={Quantum Science and Technology},
      publisher={IOP Publishing},
      author={Brown, Jonathon and Paternostro, Mauro and Ferraro, Alessandro},
      year={2023},
      month=jan,
      pages={025004},
      keywords={lit}
}

@InProceedings{10.1007/978-3-031-14926-9_11,
      author="Bhandari, Shailendra
      and Overskott, Sebastian
      and Adamopoulos, Ioannis
      and Lind, Pedro G.
      and Denysov, Sergiy
      and Nichele, Stefano",
      editor="Chopard, Bastien
      and Bandini, Stefania
      and Dennunzio, Alberto
      and Arabi Haddad, Mira",
      title="Evolving Quantum Circuits to Implement Stochastic and Deterministic Cellular Automata Rules",
      booktitle="Cellular Automata",
      year="2022",
      publisher="Springer International Publishing",
      address="Cham",
      pages="119--129",
      abstract="The aim of this work is to generate specific rules of deterministic and stochastic cellular automata (CA) using the set of five quantum gates, which is known to generate any quantum circuit. To build such quantum circuits, we use an evolutionary algorithm, based in mutations, which allows the optimization of quantum gate types and their connectivity. The fitness function of the evolutionary algorithm aims at minimizing the difference between the output of the quantum circuit and the CA rule. We also inspect the differences observed when changing the number of gates and the mutation rate. We benchmark our methods with stochastic as well as deterministic CA rules, and briefly discuss the possible extensions their quantum ``cousins'' may enable.",
      isbn="978-3-031-14926-9",
      keywords={lit}
}

@misc{sünkel2023ga4qcogeneticalgorithmquantum,
      title={GA4QCO: Genetic Algorithm for Quantum Circuit Optimization}, 
      author={Leo Sünkel and Darya Martyniuk and Denny Mattern and Johannes Jung and Adrian Paschke},
      year={2023},
      eprint={2302.01303},
      archivePrefix={arXiv},
      primaryClass={quant-ph},
      url={https://arxiv.org/abs/2302.01303},
      keywords={lit}
}

% == Reference Citations ==

@book{wong2022introduction,
      title={Introduction to Classical and Quantum Computing},
      author={Wong, T.G.},
      isbn={9798985593105},
      url={https://books.google.co.uk/books?id=M3jqzgEACAAJ},
      year={2022},
      publisher={Rooted Grove},
}

@INPROCEEDINGS{10062753,
      author={Belkhir, Maria and Benkaouha, Haroun and Benkhelifa, Elhadj},
      booktitle={2022 Seventh International Conference on Fog and Mobile Edge Computing (FMEC)}, 
      title={Quantum Vs Classical Computing: a Comparative Analysis}, 
      year={2022},
      volume={},
      number={},
      pages={1-8},
      doi={10.1109/FMEC57183.2022.10062753}
}

@misc{ibmcomposer,
      title={IBM Quantum},
      url={https://quantum.ibm.com/composer},
      journal={IBM Quantum},
      year={2023}
} 

@InProceedings{10.1007/978-3-031-42441-0_8,
      author="Nagashima, Yutaka",
      editor="Hojjat, Hossein
      and {\'A}brah{\'a}m, Erika",
      title="Genetic Algorithm for Program Synthesis",
      booktitle="Fundamentals of Software Engineering",
      year="2023",
      publisher="Springer Nature Switzerland",
      address="Cham",
      pages="104--111",
      abstract="A deductive program synthesis tool takes a specification as input and derives a program that satisfies the specification. The drawback of this approach is that search spaces for such correct programs tend to be enormous, making it difficult to derive correct programs within a realistic timeout. To speed up such program derivation, we improve the search strategy of a deductive program synthesis tool, SuSLik, using evolutionary computation. Our cross-validation shows that the improvement brought by evolutionary computation generalises to unforeseen problems.",
      isbn="978-3-031-42441-0"
}

@misc{python,
	title = {{W}elcome to {P}ython.org},
	howpublished = {\url{https://www.python.org/}},
	note = {[Accessed 10-10-2024]},
}

@article{gad2023pygad,
  title={Pygad: An intuitive genetic algorithm python library},
  author={Gad, Ahmed Fawzy},
  journal={Multimedia Tools and Applications},
  pages={1--14},
  year={2023},
  publisher={Springer}
}

@ARTICLE{pyqt,
  author  = {Riverbank Computing},
  title   = {PyQt6: Python bindings for the Qt's Company Qt application framework},
  year    = {2024},
  adsurl  = {https://www.riverbankcomputing.com/software/pyqt/},
}

@misc{qiskit,
      title={Quantum computing with Qiskit}, 
      author={Ali Javadi-Abhari and Matthew Treinish and Kevin Krsulich and Christopher J. Wood and Jake Lishman and Julien Gacon and Simon Martiel and Paul D. Nation and Lev S. Bishop and Andrew W. Cross and Blake R. Johnson and Jay M. Gambetta},
      year={2024},
      eprint={2405.08810},
      archivePrefix={arXiv},
      primaryClass={quant-ph},
      url={https://arxiv.org/abs/2405.08810}, 
}
